@misc{ode45,
	title = {ode45},
	author = {MathWorks}, 
	howpublished = {\url{https://www.mathworks.com/help/matlab/ref/ode45.html} },
	month = {Feb}, 
	year = {2021}
}
@misc{iers, 
	title = {Standard Rapid EOP Data since 02. January 1973 (IAU1980)}, 
	howpublished = {\url{https://datacenter.iers.org/data/7/finals.all} }, 
	year = {2021}
}
@misc{choose_ode,
	title = {Choose an ODE Solver},
	author = {MathWorks}, 
	howpublished = {\url{https://www.mathworks.com/help/matlab/math/choose-an-ode-solver.html} },
	month = {Feb}, 
	year = { 2021 }
}
@misc{errata, 
	title = {Fundamentals of Astrodynamics and Applications 4th Ed Consolidated Errata}, 
	author = {Vallado, David A.}, 
	year = {2019}, 
	howpublished = { \url{https://celestrak.com/software/vallado/ErrataVer4.pdf} }
}
@misc{odeset,
	title = {odeset},
	author = {MathWorks}, 
	howpublished = {\url{https://www.mathworks.com/help/matlab/ref/odeset.html} },
	month = {Feb}, 
	year = { 2021 }
}
@book{bate_astrodynamics,
	author 		= {Donald D. Mueller, Jerry White, and Roger R. Bate}, 
	title 		= {Fundamentals of Astrodynamics}, 
	year      	= {1971},
	publisher 	= {Dover Publications, Inc.}
}
@misc{jah_mod2, 
	author 	= {Moriba K. Jah},
	title 	= {ASE 389P.4 Methods of Orbit Determination Module 2}, 
	month 	= {January}, 
	year 	= {2021} 
}
@misc{jah_mod3, 
author 	= {Moriba K. Jah},
title 	= {ASE 389P.4 Methods of Orbit Determination Module 3}, 
month 	= {January}, 
year 	= {2021} 
}
@book{born_statorbitdet,
author 		= {Bob Schutz, Byron Tapley, George H. Born}, 
title 		= {Statistical Orbit Determination}, 
year      	= {2004},
publisher 	= {Academic Press}
}
@book{sat_orbits, 
	title = { Satellite Orbits: Models, Methods and Applications },
	author = { Oliver Montenbruck and Eberhard Gill },  
	year 	= { 2000 }, 
	publisher = { Springer, Berlin, Heidelberg }

}
@book{vallado, 
author 		= {Vallado, David A., and Wayne D. McClain}, 
title 		= {Fundamentals of Astrodynamics and Applications}, 
year 		= {2013},
edition 	= {4th},  
publisher 	= {Microcosm Press}
}